<?xml version="1.0" encoding="UTF-8"?><collection xmlns="http://www.loc.gov/MARC21/slim"><record><leader>00471nam--2200181-i-4500</leader><controlfield tag="001">000004080</controlfield><controlfield tag="002">20161230</controlfield><controlfield tag="005">20170119145128</controlfield><controlfield tag="008">060222s1000------------r-----000-0-rum-d</controlfield><datafield ind1=" " ind2=" " tag="040"><subfield code="a">IFIN-HH</subfield></datafield><datafield ind1=" " ind2=" " tag="041"><subfield code="a">rum</subfield></datafield><datafield ind1=" " ind2=" " tag="080"><subfield code="a">66+621.35.035</subfield></datafield><datafield ind1="1" ind2=" " tag="100"><subfield code="a">Bescov, S.D</subfield></datafield><datafield ind1="1" ind2="0" tag="245"><subfield code="a">Calcule tehnico-chimice</subfield><subfield code="b">Traducere din limba rusa</subfield><subfield code="c">S.D. Bescov</subfield></datafield><datafield ind1=" " ind2=" " tag="260"><subfield code="a">/Bucuresti</subfield><subfield code="b">Editura Tehnica</subfield><subfield code="c">1953</subfield></datafield><datafield ind1=" " ind2=" " tag="300"><subfield code="a">652p</subfield></datafield><datafield ind1=" " ind2=" " tag="852"><subfield code="a">2152</subfield><subfield code="c">541.12.03</subfield></datafield><datafield ind1=" " ind2=" " tag="CAT"><subfield code="a">SYS</subfield><subfield code="c">20170119</subfield><subfield code="h">145128</subfield></datafield></record></collection>